<?xml version="1.0" encoding="UTF-8"?><collection xmlns="http://www.loc.gov/MARC21/slim"><record><leader>00360nam--2200145-i-4500</leader><controlfield tag="001">000003393</controlfield><controlfield tag="002">20161230</controlfield><controlfield tag="005">20170302002733</controlfield><controlfield tag="008">060222s1000------------r-----000-0-eng-d</controlfield><datafield ind1=" " ind2=" " tag="100"><subfield code="a">Bordoni, P. G</subfield></datafield><datafield ind1=" " ind2=" " tag="245"><subfield code="a">Sound radiation from a finite cylinder</subfield></datafield><datafield ind1=" " ind2=" " tag="260"><subfield code="a">Roma</subfield><subfield code="b">C.N.R</subfield><subfield code="c">1949</subfield></datafield><datafield ind1=" " ind2=" " tag="300"><subfield code="a">241-252 p</subfield></datafield><datafield ind1=" " ind2=" " tag="700"><subfield code="a">Wolf, Gross</subfield></datafield><datafield ind1=" " ind2=" " tag="CAT"><subfield code="a">SYS</subfield><subfield code="c">20170302</subfield><subfield code="h">002733</subfield></datafield></record></collection>